@misc{RFC_7252_CoAP,
  author       = {Z. Schelby, K. Hartke, C. Bormann},
  title        = {The Constrained Application Protocol (CoAP)},
  howpublished = {RFC},
  year         = {June 2014},
  note         = {\url{https://tools.ietf.org/html/rfc7252}}
}